[gd_scene load_steps=3 format=2]

[ext_resource path="res://Scripts/InGameMenu.gd" type="Script" id=1]
[ext_resource path="res://Media/new_style.tres" type="StyleBox" id=2]

[node name="InGameMenu" type="CanvasLayer"]
script = ExtResource( 1 )

[node name="MainMenuContainer" type="VBoxContainer" parent="."]
anchor_left = 0.5
anchor_top = 0.5
anchor_right = 0.5
anchor_bottom = 0.5
margin_left = -86.5
margin_top = -83.0
margin_right = 86.5
margin_bottom = 83.0
rect_pivot_offset = Vector2( -249.5, -59 )
alignment = 1
__meta__ = {
"_edit_use_anchors_": false
}

[node name="SaveGameButton" type="Button" parent="MainMenuContainer"]
visible = false
margin_top = 37.0
margin_right = 173.0
margin_bottom = 57.0
text = "Save Game"

[node name="LoadGameButton" type="Button" parent="MainMenuContainer"]
visible = false
margin_top = 49.0
margin_right = 173.0
margin_bottom = 69.0
text = "Load Game"

[node name="AboutButton" type="Button" parent="MainMenuContainer"]
margin_top = 41.0
margin_right = 173.0
margin_bottom = 81.0
rect_min_size = Vector2( 0, 40 )
custom_styles/hover = ExtResource( 2 )
custom_styles/pressed = ExtResource( 2 )
custom_styles/focus = ExtResource( 2 )
custom_styles/disabled = ExtResource( 2 )
custom_styles/normal = ExtResource( 2 )
custom_colors/font_color_disabled = Color( 1, 1, 1, 1 )
custom_colors/font_color = Color( 1, 1, 1, 1 )
custom_colors/font_color_hover = Color( 1, 0.670588, 0.156863, 1 )
custom_colors/font_color_pressed = Color( 1, 1, 1, 1 )
text = "About"

[node name="ExitButton" type="Button" parent="MainMenuContainer"]
margin_top = 85.0
margin_right = 173.0
margin_bottom = 125.0
rect_min_size = Vector2( 0, 40 )
custom_styles/hover = ExtResource( 2 )
custom_styles/pressed = ExtResource( 2 )
custom_styles/focus = ExtResource( 2 )
custom_styles/disabled = ExtResource( 2 )
custom_styles/normal = ExtResource( 2 )
custom_colors/font_color_disabled = Color( 1, 1, 1, 1 )
custom_colors/font_color = Color( 1, 1, 1, 1 )
custom_colors/font_color_hover = Color( 1, 0.670588, 0.156863, 1 )
custom_colors/font_color_pressed = Color( 1, 1, 1, 1 )
text = "Exit"

[node name="AboutLabel" type="Label" parent="."]
anchor_left = 0.5
anchor_top = 0.5
anchor_right = 0.5
anchor_bottom = 0.5
margin_left = -270.0
margin_top = -100.5
margin_right = 288.0
margin_bottom = 168.5
text = "This game is an instance of Conways Game of Life - the most famous cellular automata.
Made for Software Engineering course at Silesian University of Technology.

INSTRUCTIONS:
SPACE - start/stop simulation                        - (minus) - slow down simulation
	LEFT MOUSE BUTTON - add/remove cell       + (plus) - speed up simulation
	s - step simulation                                         n - next cellular automata
	i - import game                                              e - export game
	c - clear playfield

Made by glorious team in squad:
Semir Sionek
Lukasz Maron
Pawel Zapior
Marceli Pychynski

2021/2022"
__meta__ = {
"_edit_use_anchors_": false
}

[node name="BackButton" type="Button" parent="AboutLabel"]
margin_left = -2.0
margin_top = 310.0
margin_right = 117.0
margin_bottom = 330.0
rect_min_size = Vector2( 0, 40 )
custom_styles/hover = ExtResource( 2 )
custom_styles/pressed = ExtResource( 2 )
custom_styles/focus = ExtResource( 2 )
custom_styles/disabled = ExtResource( 2 )
custom_styles/normal = ExtResource( 2 )
custom_colors/font_color_disabled = Color( 1, 1, 1, 1 )
custom_colors/font_color = Color( 1, 1, 1, 1 )
custom_colors/font_color_hover = Color( 1, 0.670588, 0.156863, 1 )
custom_colors/font_color_pressed = Color( 1, 1, 1, 1 )
text = "< Back"
__meta__ = {
"_edit_use_anchors_": false
}

[connection signal="pressed" from="MainMenuContainer/SaveGameButton" to="." method="_on_NewGameButton_pressed"]
[connection signal="pressed" from="MainMenuContainer/LoadGameButton" to="." method="_on_LoadGameButton_pressed"]
[connection signal="pressed" from="MainMenuContainer/AboutButton" to="." method="_on_AboutButton_pressed"]
[connection signal="pressed" from="MainMenuContainer/ExitButton" to="." method="_on_ExitButton_pressed"]
[connection signal="pressed" from="AboutLabel/BackButton" to="." method="_on_BackButton_pressed"]
